@article{Aharony:2013hda,
    author = "Aharony, Ofer and Seiberg, Nathan and Tachikawa, Yuji",
    title = "{Reading Between the Lines of Four-Dimensional Gauge Theories}",
    eprint = "1305.0318",
    archivePrefix = "arXiv",
    primaryClass = "hep-th",
    reportNumber = "WIS-03-13-APR-DPPA, WIS/03/13-APR-DPPA, UT-13-15, IPMU13-0081",
    doi = "10.1007/JHEP08(2013)115",
    journal = "JHEP",
    volume = "08",
    pages = "115",
    year = "2013"
}



@article{Bhardwaj:2020ymp,
    author = "Bhardwaj, Lakshya and Lee, Yasunori and Tachikawa, Yuji",
    title = "{$SL(2,\mathbb{Z})$ action on QFTs with $\mathbb{Z}_2$ symmetry and the Brown-Kervaire invariants}",
    eprint = "2009.10099",
    archivePrefix = "arXiv",
    primaryClass = "hep-th",
    reportNumber = "IPMU-20-0101",
    doi = "10.1007/JHEP11(2020)141",
    journal = "JHEP",
    volume = "11",
    pages = "141",
    year = "2020"
}



@article{Razamat:2013opa,
    author = "Razamat, Shlomo S. and Willett, Brian",
    title = "{Global Properties of Supersymmetric Theories and the Lens Space}",
    eprint = "1307.4381",
    archivePrefix = "arXiv",
    primaryClass = "hep-th",
    doi = "10.1007/s00220-014-2111-0",
    journal = "Commun. Math. Phys.",
    volume = "334",
    number = "2",
    pages = "661--696",
    year = "2015"
}



@article{Gaiotto:2014kfa,
    author = "Gaiotto, Davide and Kapustin, Anton and Seiberg, Nathan and Willett, Brian",
    title = "{Generalized Global Symmetries}",
    eprint = "1412.5148",
    archivePrefix = "arXiv",
    primaryClass = "hep-th",
    doi = "10.1007/JHEP02(2015)172",
    journal = "JHEP",
    volume = "02",
    pages = "172",
    year = "2015"
}



@article{Callias:1977kg,
    author = "Callias, Constantine",
    title = "{Index Theorems on Open Spaces}",
    reportNumber = "MIT-CTP-694",
    doi = "10.1007/BF01202525",
    journal = "Commun. Math. Phys.",
    volume = "62",
    pages = "213--234",
    year = "1978",
	url={https://projecteuclid.org/journals/communications-in-mathematical-physics/volume-62/issue-3/Axial-anomalies-and-index-theorems-on-open-spaces/cmp/1103904395.full}
}



@article{Bott:1978bw,
    author = "Bott, R. and Seeley, R.",
    title = "{Some Remarks on the Paper of Callias}",
    doi = "10.1007/BF01202526",
    journal = "Commun. Math. Phys.",
    volume = "62",
    pages = "235--245",
    year = "1978",
	url={https://projecteuclid.org/journals/communications-in-mathematical-physics/volume-62/issue-3/Some-remarks-on-the-paper-of-Callias--Axial-anomalies/cmp/1103904396.full}
}



@inproceedings{Harvey:1996ur,
    author = "Harvey, Jeffrey A.",
    title = "{Magnetic Monopoles, Duality and Supersymmetry}",
    booktitle = "{ICTP Summer School in High-Energy Physics and Cosmology}",
    eprint = "hep-th/9603086",
    archivePrefix = "arXiv",
    reportNumber = "EFI-96-06",
    month = "3",
    year = "1996"
}



@article{Weinberg:2006rq,
    author = "Weinberg, Erick J. and Yi, Piljin",
    title = "{Magnetic Monopole Dynamics, Supersymmetry, and Duality}",
    eprint = "hep-th/0609055",
    archivePrefix = "arXiv",
    reportNumber = "CU-TP-1155, KIAS-P06041",
    doi = "10.1016/j.physrep.2006.11.002",
    journal = "Phys. Rept.",
    volume = "438",
    pages = "65--236",
    year = "2007"
}



@article{Intriligator:1995id,
    author = "Intriligator, Kenneth A. and Seiberg, N.",
    title = "{Duality, Monopoles, Dyons, Confinement and Oblique Confinement in Supersymmetric SO(\hbox{$N_c$}) Gauge Theories}",
    eprint = "hep-th/9503179",
    archivePrefix = "arXiv",
    reportNumber = "RU-95-03, IASSNS-HEP-95-5",
    doi = "10.1016/0550-3213(95)00159-P",
    journal = "Nucl. Phys. B",
    volume = "444",
    pages = "125--160",
    year = "1995"
}



@article{Kapustin:2014gua,
    author = "Kapustin, Anton and Seiberg, Nathan",
    title = "{Coupling a QFT to a TQFT and Duality}",
    eprint = "1401.0740",
    archivePrefix = "arXiv",
    primaryClass = "hep-th",
    doi = "10.1007/JHEP04(2014)001",
    journal = "JHEP",
    volume = "04",
    pages = "001",
    year = "2014"
}



@article{Tachikawa:2017gyf,
    author = "Tachikawa, Yuji",
    title = "{On Gauging Finite Subgroups}",
    eprint = "1712.09542",
    archivePrefix = "arXiv",
    primaryClass = "hep-th",
    reportNumber = "IPMU-17-0183",
    doi = "10.21468/SciPostPhys.8.1.015",
    journal = "SciPost Phys.",
    volume = "8",
    number = "1",
    pages = "015",
    year = "2020"
}



@phdthesis{Clement2002,
  author       = {Alain Clement}, 
  title        = {Integral cohomology of finite Postnikov towers},
  school       = {University of Lausanne,
Switzerland},
  year         = 2002,
  url         = {http://doc.rero.ch/record/482/files/Clement_these.pdf}
}



@article{Wan:2018bns,
    author = "Wan, Zheyan and Wang, Juven",
    title = "{Higher anomalies, higher symmetries, and cobordisms I: classification of higher-symmetry-protected topological states and their boundary fermionic/bosonic anomalies via a generalized cobordism theory}",
    eprint = "1812.11967",
    archivePrefix = "arXiv",
    primaryClass = "hep-th",
    doi = "10.4310/AMSA.2019.v4.n2.a2",
    journal = "Ann. Math. Sci. Appl.",
    volume = "4",
    number = "2",
    pages = "107--311",
    year = "2019"
}



@article{Wang:2018qoy,
    author = "Wang, Juven and Wen, Xiao-Gang and Witten, Edward",
    title = "{A New SU(2) Anomaly}",
    eprint = "1810.00844",
    archivePrefix = "arXiv",
    primaryClass = "hep-th",
    doi = "10.1063/1.5082852",
    journal = "J. Math. Phys.",
    volume = "60",
    number = "5",
    pages = "052301",
    year = "2019"
}



@article {Serre1953,
    AUTHOR = {Serre, Jean-Pierre},
     TITLE = {Cohomologie modulo {$2$} des complexes
              d'{E}ilenberg-{M}ac{L}ane},
   JOURNAL = {Comment. Math. Helv.},
  FJOURNAL = {Commentarii Mathematici Helvetici},
    VOLUME = {27},
      YEAR = {1953},
     PAGES = {198--232},
      ISSN = {0010-2571},
   MRCLASS = {56.0X},
  MRNUMBER = {60234},
MRREVIEWER = {W. S. Massey},
       DOI = {10.1007/BF02564562},
       URL = {https://doi.org/10.1007/BF02564562},
}@article{Gauntlett:1996cw,
    author = "Gauntlett, Jerome P. and Lowe, David A.",
    title = "{Dyons and S Duality in ${\mathcal{N}}\!=4$ Supersymmetric Gauge Theory}",
    eprint = "hep-th/9601085",
    archivePrefix = "arXiv",
    reportNumber = "CALT-68-2035, UCSBTH-95-36",
    doi = "10.1016/0550-3213(96)00218-0",
    journal = "Nucl. Phys. B",
    volume = "472",
    pages = "194--206",
    year = "1996"
}



@article {KonoMimura1974,
    AUTHOR = {Kono, Akira and Mimura, Mamoru},
     TITLE = {On the cohomology of the classifying spaces of {${\rm
              PSU}(4n+2)$} and {${\rm PO}(4n+2)$}},
   JOURNAL = {Publ. Res. Inst. Math. Sci.},
  FJOURNAL = {Kyoto University. Research Institute for Mathematical
              Sciences. Publications},
    VOLUME = {10},
      YEAR = {1974/75},
    NUMBER = {3},
     PAGES = {691--720},
      ISSN = {0034-5318},
   MRCLASS = {57F35 (55F40)},
  MRNUMBER = {0372899},
MRREVIEWER = {J. F. Adams},
       DOI = {10.2977/prims/1195191887},
       URL = {https://doi.org/10.2977/prims/1195191887},
}@article{Weinberg:1979zt,
    author = "Weinberg, Erick J.",
    title = "{Fundamental Monopoles and Multi-Monopole Solutions for Arbitrary Simple Gauge Groups}",
    reportNumber = "CERN-TH-2779",
    doi = "10.1016/0550-3213(80)90245-X",
    journal = "Nucl. Phys. B",
    volume = "167",
    pages = "500--524",
    year = "1980"
}



@article{Hsin:2020nts,
    author = "Hsin, Po-Shen and Lam, Ho Tat",
    title = "{Discrete Theta Angles, Symmetries and Anomalies}",
    eprint = "2007.05915",
    archivePrefix = "arXiv",
    primaryClass = "hep-th",
    doi = "10.21468/SciPostPhys.10.2.032",
    journal = "SciPost Phys.",
    volume = "10",
    pages = "032",
    year = "2021"
}



@article{Ang:2019txy,
    author = "Ang, J.P. and Roumpedakis, Konstantinos and Seifnashri, Sahand",
    title = "{Line Operators of Gauge Theories on Non-Spin Manifolds}",
    eprint = "1911.00589",
    archivePrefix = "arXiv",
    primaryClass = "hep-th",
    reportNumber = "YITP-SB-19-39",
    doi = "10.1007/JHEP04(2020)087",
    journal = "JHEP",
    volume = "04",
    pages = "087",
    year = "2020"
}



@article{Benini:2018reh,
    author = "Benini, Francesco and C\'ordova, Clay and Hsin, Po-Shen",
    title = "{On 2-Group Global Symmetries and their Anomalies}",
    eprint = "1803.09336",
    archivePrefix = "arXiv",
    primaryClass = "hep-th",
    reportNumber = "SISSA 10/2018/FISI, SISSA-10-2018-FISI",
    doi = "10.1007/JHEP03(2019)118",
    journal = "JHEP",
    volume = "03",
    pages = "118",
    year = "2019"
}



@article{Cordova:2018cvg,
    author = "C\'ordova, Clay and Dumitrescu, Thomas T. and Intriligator, Kenneth",
    title = "{Exploring 2-Group Global Symmetries}",
    eprint = "1802.04790",
    archivePrefix = "arXiv",
    primaryClass = "hep-th",
    doi = "10.1007/JHEP02(2019)184",
    journal = "JHEP",
    volume = "02",
    pages = "184",
    year = "2019"
}



@article{tHooft:1979rtg,
    author = "'t Hooft, Gerard",
    title = "{A Property of Electric and Magnetic Flux in Nonabelian Gauge Theories}",
    reportNumber = "PRINT-79-0117 (UTRECHT)",
    doi = "10.1016/0550-3213(79)90595-9",
    journal = "Nucl. Phys. B",
    volume = "153",
    pages = "141--160",
    year = "1979"
}



@inproceedings{Witten:2003ya,
    author = "Witten, Edward",
    title = "{$SL(2,Z)$ Action on Three-Dimensional Conformal Field Theories with Abelian Symmetry}",
    booktitle = "{From Fields to Strings: Circumnavigating Theoretical Physics: a Conference in Tribute to Ian Kogan}",
    eprint = "hep-th/0307041",
    archivePrefix = "arXiv",
    pages = "1173--1200",
    month = "7",
    year = "2003"
}



@article{Witten:1995gf,
    author = "Witten, Edward",
    title = "{On S Duality in Abelian Gauge Theory}",
    eprint = "hep-th/9505186",
    archivePrefix = "arXiv",
    reportNumber = "IASSNS-HEP-95-36",
    doi = "10.1007/BF01671570",
    journal = "Selecta Math.",
    volume = "1",
    pages = "383",
    year = "1995"
}



@article{Cordova:2018acb,
    author = "C\'ordova, Clay and Dumitrescu, Thomas T.",
    title = "{Candidate Phases for SU(2) Adjoint QCD$_4$ with Two Flavors from $\mathcal{N}=2$ Supersymmetric Yang-Mills Theory}",
    eprint = "1806.09592",
    archivePrefix = "arXiv",
    primaryClass = "hep-th",
    month = "6",
    year = "2018"
}



@article{Thorngren:2014pza,
    author = "Thorngren, Ryan",
    title = "{Framed Wilson Operators, Fermionic Strings, and Gravitational Anomaly in 4D}",
    eprint = "1404.4385",
    archivePrefix = "arXiv",
    primaryClass = "hep-th",
    doi = "10.1007/JHEP02(2015)152",
    journal = "JHEP",
    volume = "02",
    pages = "152",
    year = "2015"
}



@article{Lee:2020ojw,
    author = "Lee, Yasunori and Ohmori, Kantaro and Tachikawa, Yuji",
    title = "{Revisiting Wess-Zumino-Witten Terms}",
    eprint = "2009.00033",
    archivePrefix = "arXiv",
    primaryClass = "hep-th",
    reportNumber = "IPMU-20-0093",
    doi = "10.21468/SciPostPhys.10.3.061",
    journal = "SciPost Phys.",
    volume = "10",
    pages = "061",
    year = "2021"
}



@article{Bhardwaj:2021zrt,
    author = "Bhardwaj, Lakshya and Hubner, Max and Schafer-Nameki, Sakura",
    title = "{Liberating Confinement from Lagrangians: 1-form Symmetries and Lines in 4d $\mathcal{N}=1$ from 6d $\mathcal{N}=(2,0)$}",
    eprint = "2106.10265",
    archivePrefix = "arXiv",
    primaryClass = "hep-th",
    month = "6",
    year = "2021"
}



@article{Apruzzi:2021vcu,
    author = "Apruzzi, Fabio and Bhardwaj, Lakshya and Oh, Jihwan and Schäfer-Nameki, Sakura",
    title = "{The Global Form of Flavor Symmetries and 2-Group Symmetries in 5D SCFTs}",
    eprint = "2105.08724",
    archivePrefix = "arXiv",
    primaryClass = "hep-th",
    month = "5",
    year = "2021"
}



@article{Bhardwaj:2021pfz,
    author = "Bhardwaj, Lakshya and Hubner, Max and Schäfer-Nameki, Sakura",
    title = "{1-Form Symmetries of 4D ${\mathcal{N}}\!=2$ Class S Theories}",
    eprint = "2102.01693",
    archivePrefix = "arXiv",
    primaryClass = "hep-th",
    month = "2",
    year = "2021"
}



@article{Bhardwaj:2020phs,
    author = {Bhardwaj, Lakshya and Schäfer-Nameki, Sakura},
    title = "{Higher-form symmetries of 6d and 5d theories}",
    eprint = "2008.09600",
    archivePrefix = "arXiv",
    primaryClass = "hep-th",
    doi = "10.1007/JHEP02(2021)159",
    journal = "JHEP",
    volume = "02",
    pages = "159",
    year = "2021"
}



@article{DelZotto:2020sop,
    author = "Del Zotto, Michele and Ohmori, Kantaro",
    title = "{2-Group Symmetries of 6D Little String Theories and T-Duality}",
    eprint = "2009.03489",
    archivePrefix = "arXiv",
    primaryClass = "hep-th",
    month = "9",
    year = "2020"
}



@article{DelZotto:2020esg,
    author = "Del Zotto, Michele and Garc\'\i{}a Etxebarria, I{\~n}aki and Hosseini, Saghar S.",
    title = "{Higher form symmetries of Argyres-Douglas theories}",
    eprint = "2007.15603",
    archivePrefix = "arXiv",
    primaryClass = "hep-th",
    doi = "10.1007/JHEP10(2020)056",
    journal = "JHEP",
    volume = "10",
    pages = "056",
    year = "2020"
}



@article{Albertini:2020mdx,
    author = "Albertini, Federica and Del Zotto, Michele and Garc\'\i{}a Etxebarria, I{\~n}aki and Hosseini, Saghar S.",
    title = "{Higher Form Symmetries and M-theory}",
    eprint = "2005.12831",
    archivePrefix = "arXiv",
    primaryClass = "hep-th",
    doi = "10.1007/JHEP12(2020)203",
    journal = "JHEP",
    volume = "12",
    pages = "203",
    year = "2020"
}



@article{Apruzzi:2021phx,
    author = {Apruzzi, Fabio and van Beest, Marieke and Gould, Dewi S. W. and Sch\"afer-Nameki, Sakura},
    title = "{Holography, 1-Form Symmetries, and Confinement}",
    eprint = "2104.12764",
    archivePrefix = "arXiv",
    primaryClass = "hep-th",
    month = "4",
    year = "2021"
}



@article{Morrison:2020ool,
    author = "Morrison, David R. and Schäfer-Nameki, Sakura and Willett, Brian",
    title = "{Higher-Form Symmetries in 5D}",
    eprint = "2005.12296",
    archivePrefix = "arXiv",
    primaryClass = "hep-th",
    doi = "10.1007/JHEP09(2020)024",
    journal = "JHEP",
    volume = "09",
    pages = "024",
    year = "2020"
}



@article{Eckhard:2019jgg,
    author = "Eckhard, Julius and Kim, Heeyeon and Schäfer-Nameki, Sakura and Willett, Brian",
    title = "{Higher-Form Symmetries, Bethe Vacua, and the 3D-3D Correspondence}",
    eprint = "1910.14086",
    archivePrefix = "arXiv",
    primaryClass = "hep-th",
    doi = "10.1007/JHEP01(2020)101",
    journal = "JHEP",
    volume = "01",
    pages = "101",
    year = "2020"
}



@article{Gukov:2020btk,
    author = "Gukov, Sergei and Hsin, Po-Shen and Pei, Du",
    title = "{Generalized Global Symmetries of $T[M]$ Theories. I}",
    eprint = "2010.15890",
    archivePrefix = "arXiv",
    primaryClass = "hep-th",
    reportNumber = "CALT-TH-2020-045",
    month = "10",
    year = "2020"
}



@article{Apruzzi:2020zot,
    author = "Apruzzi, Fabio and Dierigl, Markus and Lin, Ling",
    title = "{The Fate of Discrete 1-Form Symmetries in 6D}",
    eprint = "2008.09117",
    archivePrefix = "arXiv",
    primaryClass = "hep-th",
    reportNumber = "CERN-TH-2020-132",
    month = "8",
    year = "2020"
}



@article{Cvetic:2020kuw,
    author = "Cveti\v{c}, Mirjam and Dierigl, Markus and Lin, Ling and Zhang, Hao Y.",
    title = "{String Universality and Non-Simply-Connected Gauge Groups in 8d}",
    eprint = "2008.10605",
    archivePrefix = "arXiv",
    primaryClass = "hep-th",
    reportNumber = "CERN-TH-2020-138, UPR-1306-T",
    doi = "10.1103/PhysRevLett.125.211602",
    journal = "Phys. Rev. Lett.",
    volume = "125",
    number = "21",
    pages = "211602",
    year = "2020"
}



@article{Cvetic:2021sxm,
    author = "Cveti{\v c}, Mirjam and Dierigl, Markus and Lin, Ling and Zhang, Hao Y.",
    title = "{Higher-Form Symmetries and Their Anomalies in M-/F-Theory Duality}",
    eprint = "2106.07654",
    archivePrefix = "arXiv",
    primaryClass = "hep-th",
    reportNumber = "CERN-TH-2021-091, UPR-1311-T, LMU-ASC 17/21",
    month = "6",
    year = "2021"
}



@article{Buican:2021xhs,
    author = "Buican, Matthew and Jiang, Hongliang",
    title = "{1-Form Symmetry, Isolated ${\mathcal{N}}\!=2$ Scfts, and Calabi-Yau Threefolds}",
    eprint = "2106.09807",
    archivePrefix = "arXiv",
    primaryClass = "hep-th",
    reportNumber = "QMUL-PH-21-27",
    month = "6",
    year = "2021"
}



@article{Braun:2021sex,
    author = "Braun, Andreas P. and Oehlmann, Paul-Konstantin and Larfors, Magdalena",
    title = "{Gauged 2-Form Symmetries in 6D SCFTs Coupled to Gravity}",
    eprint = "2106.13198",
    archivePrefix = "arXiv",
    primaryClass = "hep-th",
    month = "6",
    year = "2021"
}



@article{Cvetic:2021maf,
    author = "Cveti\v{c}, Mirjam and Heckman, Jonathan J. and Torres, Ethan and Zoccarato, Gianluca",
    title = "{Reflections on the Matter of 3d $\mathcal{N} = 1$ Vacua and Local $Spin(7)$ Compactifications}",
    eprint = "2107.00025",
    archivePrefix = "arXiv",
    primaryClass = "hep-th",
    month = "6",
    year = "2021"
}



@article{Tachikawa:2019dvq,
    author = "Tachikawa, Yuji and Zafrir, Gabi",
    title = "{Reflection groups and 3d $\mathcal{N}\ge $ 6 SCFTs}",
    eprint = "1908.03346",
    archivePrefix = "arXiv",
    primaryClass = "hep-th",
    reportNumber = "IPMU-19-0099",
    doi = "10.1007/JHEP12(2019)176",
    journal = "JHEP",
    volume = "12",
    pages = "176",
    year = "2019"
}



